<?xml version="1.0" encoding="UTF-8"?><collection xmlns="http://www.loc.gov/MARC21/slim"><record><leader>00409nam--2200133-i-4500</leader><controlfield tag="001">000042660</controlfield><controlfield tag="002">20161230</controlfield><controlfield tag="005">20161230201043</controlfield><controlfield tag="008">060222s1000------------r-----000-0-eng-d</controlfield><datafield ind1=" " ind2=" " tag="080"><subfield code="a">539.1.074.3(061.3):535.373.1(061.3)</subfield></datafield><datafield ind1=" " ind2=" " tag="100"><subfield code="a">Stanley,Philip E. And Scoggins,Bruce A</subfield></datafield><datafield ind1=" " ind2=" " tag="245"><subfield code="a">Liquid scienillation counting. recent developments</subfield></datafield><datafield ind1=" " ind2=" " tag="260"><subfield code="a">New York, Academic Press, Inc.,1974. Xv + 495 P</subfield></datafield><datafield ind1=" " ind2=" " tag="852"><subfield code="a">43081</subfield></datafield></record></collection>